@book{shn,
  title={Magnetic monopoles},
  author={Shnir, Y.M.},
  isbn={9783540252771},
  lccn={2005930438},
  series={Texts and monographs in physics},
  url={http://books.google.ch/books?id=g3L8SWx8ulkC},
  year={2005},
  publisher={Springer}
}

@book{col,
  title={Aspects of symmetry},
  author={Coleman, S.},
  isbn={9780521318273},
  lccn={84021364},
  url={http://books.google.ch/books?id=PX2Al8LE9FkC},
  year={1988},
  publisher={Cambridge University Press}
}

@book{rub,
  title={Classical theory of gauge fields},
  author={Rubakov, V.A.},
  isbn={9780691059273},
  lccn={2002102049},
  url={http://books.google.ch/books?id=BxjL6EkIpfUC},
  year={2002},
  publisher={Princeton University Press}
}
